
@article{ WOS:001235231900001,
Author = {Gobena, Elina},
Title = {Unboxing reskilling narratives: Analysing practice, agency and signifier
   in social media},
Journal = {NEW TECHNOLOGY WORK AND EMPLOYMENT},
Year = {2024},
Volume = {39},
Number = {3},
Pages = {335-361},
Month = {NOV},
DOI = {10.1111/ntwe.12299},
EarlyAccessDate = {MAY 2024},
ISSN = {0268-1072},
EISSN = {1468-005X},
Unique-ID = {WOS:001235231900001},
}

@article{ WOS:001075188100001,
Author = {Dutta, Deborah and Prasad, C. Shambu and Chakraborty, Arnab},
Title = {Thinking beyond Ecology: Can Reskilling Youth Lead to Sustainable
   Transitions in Agri-Food Systems?},
Journal = {SOCIAL SCIENCES-BASEL},
Year = {2023},
Volume = {12},
Number = {9},
Month = {SEP},
DOI = {10.3390/socsci12090478},
Article-Number = {478},
EISSN = {2076-0760},
ORCID-Numbers = {Chakraborty, Arnab/0000-0003-1324-5958
   dutta, deborah/0000-0003-2445-7139
   Prasad, Shambu/0000-0002-2588-7846},
Unique-ID = {WOS:001075188100001},
}

@article{ WOS:000701263900009,
Author = {Chigbu, Bianca Ifeoma and Nekhwevha, Fhulu H.},
Title = {The future of work and uncertain labour alternatives as we live through
   the industrial age of possible singularity: Evidence from South Africa},
Journal = {TECHNOLOGY IN SOCIETY},
Year = {2021},
Volume = {67},
Month = {NOV},
DOI = {10.1016/j.techsoc.2021.101715},
EarlyAccessDate = {AUG 2021},
Article-Number = {101715},
ISSN = {0160-791X},
EISSN = {1879-3274},
ResearcherID-Numbers = {Chigbu, Bianca/AED-7897-2022},
ORCID-Numbers = {Chigbu, Bianca/0000-0003-4029-9580},
Unique-ID = {WOS:000701263900009},
}

@article{ WOS:000868786400005,
Author = {Bamel, Umesh and Kumar, Satish and Lim, Weng Marc and Bamel, Nisha and
   Meyer, Natanya},
Title = {Managing the dark side of digitalization in the future of work: A fuzzy
   TISM approach},
Journal = {JOURNAL OF INNOVATION \& KNOWLEDGE},
Year = {2022},
Volume = {7},
Number = {4},
Month = {OCT-DEC},
DOI = {10.1016/j.jik.2022.100275},
EarlyAccessDate = {SEP 2022},
Article-Number = {100275},
ISSN = {2530-7614},
EISSN = {2444-569X},
ResearcherID-Numbers = {Kumar, Satish/E-2103-2018
   Lim, Weng Marc/I-1723-2019
   Meyer, Natanya/T-9821-2017
   Bamel, Umesh/I-4519-2014
   Kumar, Satish/M-8694-2017
   },
ORCID-Numbers = {Bamel, Nisha/0000-0001-7732-380X
   Kumar, Satish/0000-0001-5200-1476
   Bamel, Umesh/0000-0001-8722-3028
   Lim, Weng Marc/0000-0001-7196-1923},
Unique-ID = {WOS:000868786400005},
}

@article{ WOS:001086878000022,
Author = {Sahiwal, Umang Preet Kaur and Chaturvedi, Vijit and Arora, Ritu Gandhi},
Title = {A bibliometric analysis of research on `future of work' and its impact
   on skills needed for jobs},
Journal = {JOURNAL OF STATISTICS AND MANAGEMENT SYSTEMS},
Year = {2023},
Volume = {26},
Number = {5, SI},
Pages = {1243-1251},
Month = {JUL},
Note = {8th Annual Global Leadership Research Conference (GLRC), Amity Business
   Sch, Noida, INDIA, MAR 13-15, 2023},
DOI = {10.47974/JSMS-1176},
ISSN = {0972-0510},
EISSN = {2169-0014},
ResearcherID-Numbers = {Chaturvedi, vijit/AAZ-8007-2021
   Gandhi Arora, Ritu/AAE-1976-2022
   },
ORCID-Numbers = {Sahiwal, Umang Preet Kaur/0000-0002-8887-9018},
Unique-ID = {WOS:001086878000022},
}

@article{ WOS:001190803800007,
Author = {Gamberini, Luciano and Pluchino, Patrik},
Title = {Industry 5.0: A comprehensive insight into the future of work, social
   sustainability, sustainable development, and career},
Journal = {AUSTRALIAN JOURNAL OF CAREER DEVELOPMENT},
Year = {2024},
Volume = {33},
Number = {1},
Pages = {5-14},
Month = {APR},
DOI = {10.1177/10384162241231118},
ISSN = {1038-4162},
EISSN = {2200-6974},
ResearcherID-Numbers = {Pluchino, Patrik/HJP-0747-2023
   },
ORCID-Numbers = {Pluchino, Patrik/0000-0002-8562-0123},
Unique-ID = {WOS:001190803800007},
}

@article{ WOS:001195543500001,
Author = {Murphy, Liam},
Title = {Wellbeing in the age of virtual teams and workplace automation - a
   systematic review and future research agenda},
Journal = {INTERNATIONAL JOURNAL OF ORGANIZATIONAL ANALYSIS},
Year = {2024},
Month = {2024 APR 4},
DOI = {10.1108/IJOA-08-2023-3938},
EarlyAccessDate = {APR 2024},
ISSN = {1934-8835},
EISSN = {1758-8561},
ResearcherID-Numbers = {Murphy, Liam/HMD-4422-2023
   },
ORCID-Numbers = {Murphy, Liam/0009-0001-2348-4445},
Unique-ID = {WOS:001195543500001},
}

@article{ WOS:000569348200001,
Author = {Tamers, Sara L. and Streit, Jessica and Pana-Cryan, Rene and Ray, Tapas
   and Syron, Laura and Flynn, Michael A. and Castillo, Dawn and Roth, Gary
   and Geraci, Charles and Guerin, Rebecca and Schulte, Paul and Henn,
   Scott and Chang, Chia-Chia and Felknor, Sarah and Howard, John},
Title = {Envisioning the future of work to safeguard the safety, health, and
   well-being of the workforce: A perspective from the CDC's National
   Institute for Occupational Safety and Health},
Journal = {AMERICAN JOURNAL OF INDUSTRIAL MEDICINE},
Year = {2020},
Volume = {63},
Number = {12},
Pages = {1065-1084},
Month = {DEC},
DOI = {10.1002/ajim.23183},
EarlyAccessDate = {SEP 2020},
ISSN = {0271-3586},
EISSN = {1097-0274},
ResearcherID-Numbers = {Flynn, Michael A/S-4556-2017
   },
ORCID-Numbers = {Syron, Laura/0000-0003-1477-996X
   Flynn, Michael A/0000-0001-5338-5360
   Henn, Scott/0000-0002-0356-3453},
Unique-ID = {WOS:000569348200001},
}

@article{ WOS:000661169900001,
Author = {Jetha, Arif and Shamaee, Ali and Bonaccio, Silvia and Gignac, Monique A.
   M. and Tucker, Lori B. and Tompa, Emile and Bultmann, Ute and Norman,
   Cameron D. and Banks, Cristina G. and Smith, Peter M.},
Title = {Fragmentation in the future of work: A horizon scan examining the impact
   of the changing nature of work on workers experiencing vulnerability},
Journal = {AMERICAN JOURNAL OF INDUSTRIAL MEDICINE},
Year = {2021},
Volume = {64},
Number = {8},
Pages = {649-666},
Month = {AUG},
DOI = {10.1002/ajim.23262},
EarlyAccessDate = {JUN 2021},
ISSN = {0271-3586},
EISSN = {1097-0274},
ResearcherID-Numbers = {BÃ¼ltmann, Ute/J-4463-2014
   Smith, Peter/AAE-4293-2021
   },
ORCID-Numbers = {Smith, Peter/0000-0001-8286-4563
   Bultmann, Ute/0000-0001-9589-9220
   Tucker, Lori/0000-0002-4314-6750
   Bonaccio, Silvia/0000-0002-1509-5028},
Unique-ID = {WOS:000661169900001},
}

@article{ WOS:000538129800001,
Author = {Rotatori, Denise and Lee, Eun Jeong and Sleeva, Sheryl},
Title = {The evolution of the workforce during the fourth industrial revolution},
Journal = {HUMAN RESOURCE DEVELOPMENT INTERNATIONAL},
Year = {2021},
Volume = {24},
Number = {1},
Pages = {92-103},
Month = {JAN 1},
DOI = {10.1080/13678868.2020.1767453},
EarlyAccessDate = {MAY 2020},
ISSN = {1367-8868},
EISSN = {1469-8374},
Unique-ID = {WOS:000538129800001},
}

@article{ WOS:000857925800001,
Author = {Howard, John},
Title = {Algorithms and the future of work COMMENT},
Journal = {AMERICAN JOURNAL OF INDUSTRIAL MEDICINE},
Year = {2022},
Volume = {65},
Number = {12},
Pages = {943-952},
Month = {DEC},
DOI = {10.1002/ajim.23429},
EarlyAccessDate = {SEP 2022},
ISSN = {0271-3586},
EISSN = {1097-0274},
ORCID-Numbers = {Howard, John/0000-0002-1875-3516},
Unique-ID = {WOS:000857925800001},
}

@article{ WOS:001100129400001,
Author = {Itam, Urmila Jagadeeswari and Warrier, Uma},
Title = {Future of work from everywhere: a systematic review},
Journal = {INTERNATIONAL JOURNAL OF MANPOWER},
Year = {2024},
Volume = {45},
Number = {1, SI},
Pages = {12-48},
Month = {MAR 27},
DOI = {10.1108/IJM-06-2022-0288},
EarlyAccessDate = {NOV 2023},
ISSN = {0143-7720},
EISSN = {1758-6577},
ResearcherID-Numbers = {Warrier, Uma/ABC-9009-2021
   Jagadeeswari, Urmila/N-8499-2017},
ORCID-Numbers = {Jagadeeswari, Urmila/0000-0003-0758-6027},
Unique-ID = {WOS:001100129400001},
}

@article{ WOS:000691461300001,
Author = {McWha-Hermann, Ishbel and Searle, Rosalind H. and Carr, Stuart C.},
Title = {Striving for more: Work and Organizational Psychology (WOP) and living
   wages},
Journal = {EUROPEAN JOURNAL OF WORK AND ORGANIZATIONAL PSYCHOLOGY},
Year = {2021},
Volume = {30},
Number = {6},
Pages = {771-776},
Month = {NOV 2},
DOI = {10.1080/1359432X.2021.1972972},
EarlyAccessDate = {SEP 2021},
ISSN = {1359-432X},
EISSN = {1464-0643},
ResearcherID-Numbers = {McWha-Hermann, Ishbel/IUN-5291-2023
   },
ORCID-Numbers = {Searle, Rosalind/0000-0002-6052-7627
   McWha-Hermann, Ishbel/0000-0003-3400-5152},
Unique-ID = {WOS:000691461300001},
}

@article{ WOS:000642127500001,
Author = {Koley, Soumyajit},
Title = {Briefing: Grim future of work and labour after the 2020 pandemic, with
   reference to India},
Journal = {PROCEEDINGS OF THE INSTITUTION OF CIVIL ENGINEERS-ENGINEERING
   SUSTAINABILITY},
Year = {2020},
Volume = {174},
Number = {2},
Pages = {55-57},
Month = {APR},
DOI = {10.1680/jensu.20.00081},
ISSN = {1478-4629},
EISSN = {1751-7680},
ResearcherID-Numbers = {Koley, Soumyajit/AAU-8994-2021},
Unique-ID = {WOS:000642127500001},
}

@article{ WOS:001197957400022,
Author = {Bansal, Anjali and Singh, S. P. and Mohanty, P. C.},
Title = {Impact Analysis of Robotization and Automation on Jobs: A Systematic
   Literature Review},
Journal = {INDIAN JOURNAL OF ECONOMICS AND DEVELOPMENT},
Year = {2024},
Volume = {20},
Number = {1},
Month = {MAR},
DOI = {10.35716/IJED-23415},
ISSN = {2277-5412},
EISSN = {2322-0430},
Unique-ID = {WOS:001197957400022},
}

@article{ WOS:000930077400001,
Author = {Wanasinghe, Thumeera R. and Gosine, Raymond G. and Petersen, Bui K. and
   Warrian, Peter J.},
Title = {Digitalization and the Future of Employment: A Case Study on the
   Canadian Offshore Oil and Gas Drilling Occupations},
Journal = {IEEE TRANSACTIONS ON AUTOMATION SCIENCE AND ENGINEERING},
Year = {2024},
Volume = {21},
Number = {2},
Pages = {1661-1681},
Month = {APR},
DOI = {10.1109/TASE.2023.3238971},
EarlyAccessDate = {JAN 2023},
ISSN = {1545-5955},
EISSN = {1558-3783},
ResearcherID-Numbers = {Wanasinghe, Thumeera/AAS-3563-2020
   },
ORCID-Numbers = {Wanasinghe Arachchige, Thumeera/0000-0001-6262-2348
   Warrian, Peter/0000-0001-5945-4486},
Unique-ID = {WOS:000930077400001},
}

@article{ WOS:001035901600001,
Author = {Altrock, Sophie and Mention, Anne-Laure and Aas, Tor Helge},
Title = {Being Human in the Digitally Enabled Workplace: Insights From the
   Robo-Advice Literature},
Journal = {IEEE TRANSACTIONS ON ENGINEERING MANAGEMENT},
Year = {2024},
Volume = {71},
Pages = {7876-7891},
DOI = {10.1109/TEM.2023.3291820},
EarlyAccessDate = {JUL 2023},
ISSN = {0018-9391},
EISSN = {1558-0040},
ResearcherID-Numbers = {Altrock, Sophie/HTM-1095-2023
   Mention, Anne-Laure/AAU-3537-2020
   },
ORCID-Numbers = {Mention, Anne-Laure/0000-0001-9558-8799
   Altrock, Sophie/0000-0003-3093-8115},
Unique-ID = {WOS:001035901600001},
}

@article{ WOS:000622084100001,
Author = {Kar, Sudatta and Kar, Arpan K. and Gupta, M. P.},
Title = {Industrial Internet of Things and Emerging Digital Technologies-Modeling
   Professionals' Learning Behavior},
Journal = {IEEE ACCESS},
Year = {2021},
Volume = {9},
Pages = {30017-30034},
DOI = {10.1109/ACCESS.2021.3059407},
ISSN = {2169-3536},
ResearcherID-Numbers = {Kar, Arpan Kumar/B-9999-2009},
ORCID-Numbers = {Kar, Arpan Kumar/0000-0003-4186-4887},
Unique-ID = {WOS:000622084100001},
}

@article{ WOS:000709177300001,
Author = {Deepa, V. and Sujatha, R. and Baber, Hasnan},
Title = {Ageing and Learning Agility -Mediating role of learning perception and
   Moderating role of technology leverage},
Journal = {INTERNATIONAL JOURNAL OF LIFELONG EDUCATION},
Year = {2021},
Volume = {40},
Number = {5-6},
Pages = {514-531},
Month = {NOV 2},
DOI = {10.1080/02601370.2021.1991501},
EarlyAccessDate = {OCT 2021},
ISSN = {0260-1370},
EISSN = {1464-519X},
ResearcherID-Numbers = {Baber, Hasnan/JTU-8029-2023},
ORCID-Numbers = {Baber, Hasnan/0000-0002-8951-3501},
Unique-ID = {WOS:000709177300001},
}

@article{ WOS:000624517500001,
Author = {Nguyen, Minh Hieu Thi and Carr, Stuart C. and Hodgetts, Darrin and
   Fauchart, Emmanuelle},
Title = {Why do some social enterprises flourish in Vietnam? A comparison of
   human and ecosystem partnerships},
Journal = {SUSTAINABILITY ACCOUNTING MANAGEMENT AND POLICY JOURNAL},
Year = {2021},
Volume = {12},
Number = {6, SI},
Pages = {1312-1347},
Month = {OCT 7},
DOI = {10.1108/SAMPJ-04-2020-0137},
EarlyAccessDate = {MAR 2021},
ISSN = {2040-8021},
EISSN = {2040-803X},
ResearcherID-Numbers = {Nguyen, Minnie/GQA-5867-2022
   },
ORCID-Numbers = {Nguyen, Thi Minh Hieu/0000-0002-0826-9421},
Unique-ID = {WOS:000624517500001},
}

@article{ WOS:000683522500001,
Author = {Agarwal, Vernika and Mathiyazhagan, Kaliyan and Malhotra, Snigdha and
   Saikouk, Tarik},
Title = {Analysis of challenges in sustainable human resource management due to
   disruptions by Industry 4.0: an emerging economy perspective},
Journal = {INTERNATIONAL JOURNAL OF MANPOWER},
Year = {2022},
Volume = {43},
Number = {2, SI},
Pages = {513-541},
Month = {MAY 24},
DOI = {10.1108/IJM-03-2021-0192},
EarlyAccessDate = {AUG 2021},
ISSN = {0143-7720},
EISSN = {1758-6577},
ResearcherID-Numbers = {SAIKOUK, Tarik/AEL-2177-2022
   Agarwal, Vernika/J-8370-2014
   Malhotra, Snigdha/C-2758-2018
   },
ORCID-Numbers = {Malhotra, Snigdha/0000-0001-7167-7674
   SAIKOUK, Tarik/0000-0001-9674-4722
   Agarwal, Vernika/0000-0003-4577-773X},
Unique-ID = {WOS:000683522500001},
}

@article{ WOS:001108050800001,
Author = {McManus, Ian P.},
Title = {Workforce automation risks across race and gender in the United States},
Journal = {AMERICAN JOURNAL OF ECONOMICS AND SOCIOLOGY},
Year = {2024},
Volume = {83},
Number = {2},
Pages = {463-492},
Month = {MAR},
DOI = {10.1111/ajes.12554},
EarlyAccessDate = {NOV 2023},
ISSN = {0002-9246},
EISSN = {1536-7150},
ORCID-Numbers = {McManus, Ian/0000-0002-2639-3151},
Unique-ID = {WOS:001108050800001},
}

@article{ WOS:000519135102015,
Author = {Brandl, Jana and Zielinska, Irina},
Title = {Reviewing the Smart City Vienna Framework Strategy's Potential as an
   Eco-Social Policy in the Context of Quality of Work and Socio-Ecological
   Transformation},
Journal = {SUSTAINABILITY},
Year = {2020},
Volume = {12},
Number = {3},
Month = {FEB},
DOI = {10.3390/su12030859},
Article-Number = {859},
EISSN = {2071-1050},
ResearcherID-Numbers = {Brandl, Jana/KLC-4034-2024
   },
ORCID-Numbers = {Brandl, Jana/0009-0007-0112-7571},
Unique-ID = {WOS:000519135102015},
}

@article{ WOS:000875410400001,
Author = {Mansilla-Obando, Katherine and Jeldes-Delgado, Fabiola and
   Guinez-Cabrera, Nataly},
Title = {Circular Economy Strategies with Social Implications: Findings from a
   Case Study},
Journal = {SUSTAINABILITY},
Year = {2022},
Volume = {14},
Number = {20},
Month = {OCT},
DOI = {10.3390/su142013658},
Article-Number = {13658},
EISSN = {2071-1050},
ResearcherID-Numbers = {Mansilla Obando, Katherine/JDN-2016-2023
   },
ORCID-Numbers = {Mansilla Obando, Katherine/0000-0003-4273-4259
   Jeldes, Fabiola/0000-0003-2219-7337
   Guinez-Cabrera, Nataly/0000-0002-6109-8457},
Unique-ID = {WOS:000875410400001},
}

@article{ WOS:000595937600009,
Author = {Bernal Uribarrena, Ramon},
Title = {Improving efficiency in public procurement processes with the social
   accounting},
Journal = {CIRIEC-ESPANA REVISTA DE ECONOMIA PUBLICA SOCIAL Y COOPERATIVA},
Year = {2020},
Volume = {100},
Pages = {239-276},
Month = {NOV},
DOI = {10.7203/CIRIEC-E.100.18109},
ISSN = {0213-8093},
EISSN = {1989-6816},
ResearcherID-Numbers = {Bernal, Ramon/KIC-8395-2024},
Unique-ID = {WOS:000595937600009},
}

@article{ WOS:001064728600001,
Author = {Belic, Jelena},
Title = {Institutions, Automation, and Legitimate Expectations},
Journal = {JOURNAL OF ETHICS},
Year = {2024},
Volume = {28},
Number = {3, SI},
Pages = {505-525},
Month = {SEP},
DOI = {10.1007/s10892-023-09440-x},
EarlyAccessDate = {SEP 2023},
ISSN = {1382-4554},
EISSN = {1572-8609},
ResearcherID-Numbers = {Belic, Jelena/IVV-2668-2023
   },
ORCID-Numbers = {Belic, Jelena/0000-0002-5984-6911},
Unique-ID = {WOS:001064728600001},
}

@article{ WOS:000816935600001,
Author = {Kalemba, Joshua},
Title = {The coloniality of labor: Migrant Black African youths' experiences of
   looking for and finding work in an Australian deindustrializing city},
Journal = {GENDER WORK AND ORGANIZATION},
Year = {2023},
Volume = {30},
Number = {2},
Pages = {612-627},
Month = {MAR},
DOI = {10.1111/gwao.12873},
EarlyAccessDate = {JUN 2022},
ISSN = {0968-6673},
EISSN = {1468-0432},
ResearcherID-Numbers = {Kalemba, Joshua/AAC-8701-2021
   },
ORCID-Numbers = {Kalemba, Joshua/0000-0001-8286-5865},
Unique-ID = {WOS:000816935600001},
}

@article{ WOS:000668201400001,
Author = {Lambrechts, Wim and Klaver, Jessica S. and Koudijzer, Lennart and
   Semeijn, Janjaap},
Title = {Human Factors Influencing the Implementation of Cobots in High Volume
   Distribution Centres},
Journal = {LOGISTICS-BASEL},
Year = {2021},
Volume = {5},
Number = {2},
Month = {JUN},
DOI = {10.3390/logistics5020032},
Article-Number = {32},
EISSN = {2305-6290},
ResearcherID-Numbers = {semeijn, janjaap/A-8675-2017
   Lambrechts, Wim/I-5227-2019
   },
ORCID-Numbers = {Koudijzer, Lennart/0000-0002-2881-1759
   Lambrechts, Wim/0000-0001-8968-1364},
Unique-ID = {WOS:000668201400001},
}

@article{ WOS:001059005400001,
Author = {Varsha Pramod, P. and Ramachandran, Remya},
Title = {Youth employment for inclusive growth: a review and research agenda in
   global perspective with special reference to India},
Journal = {JOURNAL OF GLOBAL ENTREPRENEURSHIP RESEARCH},
Year = {2023},
Volume = {13},
Number = {1},
Month = {DEC},
DOI = {10.1007/s40497-023-00354-4},
Article-Number = {9},
ISSN = {2228-7566},
EISSN = {2251-7316},
Unique-ID = {WOS:001059005400001},
}

@article{ WOS:001172649500001,
Author = {Adel, Amr},
Title = {The Convergence of Intelligent Tutoring, Robotics, and IoT in Smart
   Education for the Transition from Industry 4.0 to 5.0},
Journal = {SMART CITIES},
Year = {2024},
Volume = {7},
Number = {1},
Pages = {325-369},
Month = {FEB},
DOI = {10.3390/smartcities7010014},
EISSN = {2624-6511},
ResearcherID-Numbers = {Adel, Amr/IAR-2773-2023},
ORCID-Numbers = {Adel, Amr/0000-0002-0632-0940},
Unique-ID = {WOS:001172649500001},
}

@article{ WOS:000669366200001,
Author = {El Wali, Mohammad and Golroudbary, Saeed Rahimpour and Kraslawski,
   Andrzej},
Title = {Circular economy for phosphorus supply chain and its impact on social
   sustainable development goals},
Journal = {SCIENCE OF THE TOTAL ENVIRONMENT},
Year = {2021},
Volume = {777},
Month = {JUL 10},
DOI = {10.1016/j.scitotenv.2021.146060},
EarlyAccessDate = {MAR 2021},
Article-Number = {146060},
ISSN = {0048-9697},
EISSN = {1879-1026},
ResearcherID-Numbers = {el wali, mohammad/KVY-6541-2024
   Rahimpour, Saeed/H-4555-2019},
ORCID-Numbers = {El Wali, Mohammad/0000-0003-4577-4299
   Rahimpour, Saeed/0000-0003-3430-0741},
Unique-ID = {WOS:000669366200001},
}

@article{ WOS:000592387000023,
Author = {Jouzdani, Javid and Govindan, Kannan},
Title = {On the sustainable perishable food supply chain network design: A dairy
   products case to achieve sustainable development goals},
Journal = {JOURNAL OF CLEANER PRODUCTION},
Year = {2021},
Volume = {278},
Month = {JAN 1},
DOI = {10.1016/j.jclepro.2020.123060},
Article-Number = {123060},
ISSN = {0959-6526},
EISSN = {1879-1786},
ResearcherID-Numbers = {govindan, kannan/M-5996-2017},
ORCID-Numbers = {govindan, kannan/0000-0002-6204-1196},
Unique-ID = {WOS:000592387000023},
}

@article{ WOS:000621545900001,
Author = {Museba, Tapiwanashe James and Ranganai, Edmore and Gianfrate, Gianfranco},
Title = {Customer perception of adoption and use of digital financial services
   and mobile money services in Uganda},
Journal = {JOURNAL OF ENTERPRISING COMMUNITIES-PEOPLE AND PLACES IN THE GLOBAL
   ECONOMY},
Year = {2021},
Volume = {15},
Number = {2, SI},
Pages = {177-203},
Month = {MAY 31},
DOI = {10.1108/JEC-07-2020-0127},
EarlyAccessDate = {FEB 2021},
ISSN = {1750-6204},
EISSN = {1750-6212},
ResearcherID-Numbers = {Museba, James/KXR-6570-2024
   Gianfrate, Gianfranco/AAG-6891-2021
   Ranganai, Edmoreoq2p/GQH-6218-2022},
Unique-ID = {WOS:000621545900001},
}

@article{ WOS:001090635800011,
Author = {Adi, Ana and Fechner, Ronny and Seidenglanz, Rene},
Title = {Quo Vadis Communication? Results of a survey among the Next Generation
   of PR and Communication professionals},
Journal = {REVISTA INTERNACIONAL DE RELACIONES PUBLICAS},
Year = {2023},
Volume = {13},
Number = {25},
Pages = {171-188},
Month = {JAN-JUN},
DOI = {10.5783/10.5783/revrrpp.v13i25.807},
ISSN = {2174-3681},
Unique-ID = {WOS:001090635800011},
}

@article{ WOS:001340268300001,
Author = {Rivera-Huerta, Adriana and Padilla-Rivera, Alejandro and Galindo,
   Francisco and Gonzalez-Rebeles, Carlos and Guereca, Leonor Patricia},
Title = {Social life cycle assessment of calves in Mexico and identification of
   barriers in the use of a generic database},
Journal = {INTERNATIONAL JOURNAL OF LIFE CYCLE ASSESSMENT},
Year = {2024},
Month = {2024 OCT 24},
DOI = {10.1007/s11367-024-02397-5},
EarlyAccessDate = {OCT 2024},
ISSN = {0948-3349},
EISSN = {1614-7502},
ResearcherID-Numbers = {Padilla-Rivera, Alejandro/N-8152-2019},
Unique-ID = {WOS:001340268300001},
}

@article{ WOS:001018449500005,
Author = {Santos, Dayvid Souza and Ianda, Tito Francisco and de Carvalho, Priscila
   Pereira Suzart and de Camargo, Pedro Luiz Teixeira and dos Santos,
   Farlei Cosme Gomes and Alzate, Carlos Ariel Cardona and Pessoa, Fernando
   Luiz Pellegrini and de Araujo Kalid, Ricardo},
Title = {Multi-purpose biorefineries and their social impacts: a systematic
   literature review},
Journal = {ENVIRONMENT DEVELOPMENT AND SUSTAINABILITY},
Year = {2024},
Volume = {26},
Number = {5},
Pages = {10865-10925},
Month = {MAY},
DOI = {10.1007/s10668-023-03445-0},
EarlyAccessDate = {JUN 2023},
ISSN = {1387-585X},
EISSN = {1573-2975},
ResearcherID-Numbers = {dos Santos, FÃ¡rlei/AAV-4185-2020
   de AraÃºjo Kalid, Ricardo/P-8329-2019
   Santos, Dayvid/AEM-3218-2022
   Ianda, Tito/ABB-7677-2020
   Pessoa, Fernando/AAJ-1360-2021
   },
ORCID-Numbers = {cardona alzate, carlos ariel/0000-0002-0237-2313
   Pessoa, Fernando/0000-0003-3667-3875
   Camargo, Pedro/0000-0003-2652-4323
   Cosme Gomes dos Santos, Farlei/0000-0003-1765-1849
   Francisco Ianda, Tito/0000-0002-0846-7217
   de Araujo Kalid, Ricardo/0000-0001-9265-5263},
Unique-ID = {WOS:001018449500005},
}

@article{ WOS:000722659200007,
Author = {Martel, Andrew and Day, Kirsten and Jackson, Mary Ann and Kaushik,
   Saumya},
Title = {Beyond the pandemic: the role of the built environment in supporting
   people with disabilities work life},
Journal = {ARCHNET-IJAR INTERNATIONAL JOURNAL OF ARCHITECTURAL RESEARCH},
Year = {2021},
Volume = {15},
Number = {1, SI},
Pages = {98-112},
Month = {MAR 29},
DOI = {10.1108/ARCH-10-2020-0225},
ISSN = {2631-6862},
EISSN = {1938-7806},
ResearcherID-Numbers = {Jackson, Mary Ann/GLR-6244-2022
   Day, Kirsten M/KLD-1733-2024},
ORCID-Numbers = {Day, Kirsten M/0000-0002-3372-2291},
Unique-ID = {WOS:000722659200007},
}
